
@article{tarjan1972depth,
  title={Depth-first search and linear graph algorithms},
  author={Tarjan, Robert E.},
  journal={SIAM Journal on Computing},
  volume={1},
  number={2},
  pages={146--160},
  year={1972},
  publisher={SIAM}
}
@book{fleury1883deux,
  title={Deux probl{\`e}mes de G{\'e}om{\'e}trie de situation},
  author={Fleury, M.E.},
  year={1883},
  publisher={Journal de math{\'e}matiques {\'e}l{\'e}mentaires}
}

@article{fleury1883problemes,
  title={Problèmes de poins},
  author={Fleury, J.R.},
  journal={Bulletin de la Société Mathématique de France},
  volume={11},
  pages={142--8},
  year={1883},
}

@book{KleinbergTardos2005,
  author    = {Jon Kleinberg and {\'E}va Tardos},
  title     = {Algorithm Design},
  publisher = {Addison-Wesley},
  year      = {2005},
  address   = {Boston, MA, USA},
}
% Adicione sua referência no arquivo .bib
 @book{diestelGraphTheory,
   author    = {Reinhard Diestel},
   title     = {Graph Theory},
   year      = {2020},
   publisher = {Springer},
   edition   = {5},
 }
