@Article{gale:62,
  author = 	 {David Gale and Lloyd S. Shapley},
  title = 	 {College Admissions and the Stability of Marriage},
  journal = 	 {The American Mathematical Monthly},
  year = 	 {1962},
  volume = 	 {69},
  number = 	 {1},
  pages = 	 {9--15}
}

@Book{knuth:84,
  author = 	 {Donald E. Knuth},
  title = 	 {The {\TeX} Book},
  publisher = 	 {Addison-Wesley},
  year = 	 {1984},
  edition = 	 {15th}
}

@Article{roth:90,
  author = 	 {Alvin E. Roth},
  title = 	 {New Physicians: A Natural Experiment in Market Organization},
  journal = 	 {Science},
  year = 	 {1990},
  volume = 	 {250},
  number = 	 {4987},
  pages = 	 {1524--1528}
}
@article{roth1984evolution,
  title={The evolution of the labor market for medical interns and residents: a case study in game theory},
  author={Roth, Alvin E.},
  journal={Journal of Political Economy},
  volume={92},
  number={6},
  pages={991--1016},
  year={1984},
  publisher={University of Chicago Press}
}

@Article{abdulkadirouglu2003school,
  title={School choice: A mechanism design approach},
  author={Abdulkadiroğlu, Atila and Sönmez, Tayfun},
  journal={American Economic Review},
  volume={93},
  number={3},
  pages={729--747},
  year={2003},
  publisher={American Economic Association}
}

@article{hatfield2005matching,
  title={Matching with contracts},
  author={Hatfield, John William and Milgrom, Paul R.},
  journal={American Economic Review},
  volume={95},
  number={4},
  pages={913--935},
  year={2005},
  publisher={American Economic Association}
}

@article{roth2005kidney,
  title={Pairwise kidney exchange},
  author={Roth, Alvin E. and Sönmez, Tayfun and Ünver, M Utku},
  journal={Journal of Economic Theory},
  volume={125},
  number={2},
  pages={151--188},
  year={2005},
  publisher={Elsevier}
}

@article{deshpande2004item,
  title={Item-based top-N recommendation algorithms},
  author={Deshpande, Mukund and Karypis, George},
  journal={ACM Transactions on Information Systems (TOIS)},
  volume={22},
  number={1},
  pages={143--177},
  year={2004},
  publisher={ACM}
}
